<record><leader>00000cas a22000007a 4500</leader><controlfield tag="001">12799522</controlfield><controlfield tag="008">851115d18851890utucr ne      0    0eng d</controlfield><datafield ind1=" " ind2=" " tag="010"><subfield code="a">sn 85058290 </subfield></datafield><datafield ind1=" " ind2=" " tag="040"><subfield code="a">UNP</subfield><subfield code="b">eng</subfield><subfield code="c">UNP</subfield><subfield code="d">NJW</subfield><subfield code="d">OCLCQ</subfield><subfield code="d">UBY</subfield><subfield code="d">OCLCQ</subfield><subfield code="d">OCLCF</subfield><subfield code="d">OCLCO</subfield></datafield><datafield ind1="1" ind2=" " tag="029"><subfield code="a">AU@</subfield><subfield code="b">000023533462</subfield></datafield><datafield ind1=" " ind2=" " tag="042"><subfield code="a">msc</subfield></datafield><datafield ind1=" " ind2=" " tag="043"><subfield code="a">n-us-ut</subfield></datafield><datafield ind1="0" ind2=" " tag="130"><subfield code="a">Home sentinel (Manti, Utah)</subfield></datafield><datafield ind1="1" ind2="4" tag="245"><subfield code="a">The Home sentinel.</subfield></datafield><datafield ind1="3" ind2="0" tag="246"><subfield code="a">Sentinel supplement</subfield></datafield><datafield ind1=" " ind2=" " tag="260"><subfield code="a">Manti City, Utah :</subfield><subfield code="b">D. Harrington &amp; J.T. Jakeman,</subfield><subfield code="c">-1890.</subfield></datafield><datafield ind1=" " ind2=" " tag="300"><subfield code="a">v. :</subfield><subfield code="b">ill. (chiefly advertisements) ;</subfield><subfield code="c">52 cm.</subfield></datafield><datafield ind1=" " ind2=" " tag="310"><subfield code="a">Semiweekly,</subfield><subfield code="b">&lt;Apr. 27, 1886-Oct. 11, 1887&gt;; Apr. 27, 1889-Aug. 8, 1890</subfield></datafield><datafield ind1=" " ind2=" " tag="321"><subfield code="a">Weekly,</subfield><subfield code="b">&lt;May 8, 1885-Apr. 24, 1886&gt;; &lt;Jan. 13, 1888-Apr. 24, 1889&gt;</subfield></datafield><datafield ind1="1" ind2=" " tag="362"><subfield code="a">Began with Apr. 24, 1885 issue.</subfield><subfield code="z">Cf. Alter, J.C. Early Utah journalism.</subfield></datafield><datafield ind1="0" ind2=" " tag="362"><subfield code="a">-v. 6, no. 33 (Aug. 8, 1890).</subfield></datafield><datafield ind1=" " ind2=" " tag="500"><subfield code="a">Each alternate issue titled: "Sentinel supplement," &lt;Apr. 27, 1886-Oct. 11, 1887&gt;.</subfield></datafield><datafield ind1=" " ind2=" " tag="515"><subfield code="a">Nov. 21, 1888 issue misdated Nov. 12, 1888.</subfield></datafield><datafield ind1=" " ind2=" " tag="525"><subfield code="a">Supplements accompany many issues.</subfield></datafield><datafield ind1=" " ind2=" " tag="588"><subfield code="a">Description based on: Vol. 1, no. 3 (May 8, 1885).</subfield></datafield><datafield ind1=" " ind2="0" tag="651"><subfield code="a">Manti (Utah)</subfield><subfield code="v">Newspapers.</subfield></datafield><datafield ind1=" " ind2="0" tag="651"><subfield code="a">Sanpete County (Utah)</subfield><subfield code="v">Newspapers.</subfield></datafield><datafield ind1=" " ind2="7" tag="655"><subfield code="a">Newspapers.</subfield><subfield code="2">fast</subfield><subfield code="0">(OCoLC)fst01423814</subfield></datafield><datafield ind1=" " ind2="7" tag="651"><subfield code="a">Utah</subfield><subfield code="z">Manti.</subfield><subfield code="2">fast</subfield><subfield code="0">(OCoLC)fst01236146</subfield></datafield><datafield ind1=" " ind2="7" tag="651"><subfield code="a">Utah</subfield><subfield code="z">Sanpete County.</subfield><subfield code="2">fast</subfield><subfield code="0">(OCoLC)fst01218479</subfield></datafield><datafield ind1=" " ind2=" " tag="752"><subfield code="a">United States</subfield><subfield code="b">Utah</subfield><subfield code="c">Sanpete</subfield><subfield code="d">Manti.</subfield></datafield><datafield ind1="0" ind2="0" tag="780"><subfield code="t">Sevier Valley echo</subfield><subfield code="w">(DLC)sn 86091530</subfield><subfield code="w">(OCoLC)12799522</subfield></datafield><datafield ind1="0" ind2="0" tag="785"><subfield code="t">Sentinel (Manti, Utah)</subfield><subfield code="w">(DLC)sn 85058291</subfield><subfield code="w">(OCoLC)12799533</subfield></datafield></record>